
@article{bergstra2012,
  title={Random search for hyper-parameter optimization},
  author={Bergstra, J. and Bengio, Y.},
  journal={Journal of Machine Learning Research},
  volume={13},
  number={Feb},
  pages={281--305},
  year={2012}
}

@inproceedings{snoek2012,
  title={Practical Bayesian optimization of machine learning algorithms},
  author={Snoek, J. and Larochelle, H. and Adams, R. P.},
  booktitle={Advances in neural information processing systems},
  volume={25},
  pages={2951-2959},
  year={2012}
}

@inproceedings{thornton2013,
  title={Auto-WEKA: Combined selection and hyperparameter optimization of classification algorithms},
  author={Thornton, C. and Hutter, F. and Hoos, H. H. and Leyton-Brown, K.},
  booktitle={Proceedings of the 19th ACM SIGKDD international conference on Knowledge discovery and data mining},
  pages={847-855},
  year={2013}
}

@inproceedings{bergstra2011,
  title={Algorithms for Hyper-Parameter Optimization},
  author={Bergstra, J. and Bardenet, R. and Bengio, Y. and KÃ©gl, B.},
  booktitle={Advances in Neural Information Processing Systems},
  volume={24},
  pages={2546-2554},
  year={2011}
}

@article{wistuba2015,
  title={Hyperparameter Optimization Machines},
  author={Wistuba, M. and Schilling, N. and Schmidt-Thieme, L.},
  journal={IEEE Transactions on Pattern Analysis and Machine Intelligence},
  volume={38},
  number={8},
  pages={1734-1746},
  year={2015}
}

@inproceedings{falkner2018,
  title={BOHB: Robust and Efficient Hyperparameter Optimization at Scale},
  author={Falkner, S. and Klein, A. and Hutter, F.},
  booktitle={International Conference on Machine Learning},
  pages={1437-1446},
  year={2018}
}

@article{eggensperger2013,
  title={Towards an Empirical Foundation for Assessing Bayesian Optimization of Hyperparameters},
  author={Eggensperger, K. and Hutter, F. and Hoos, H. H. and Leyton-Brown, K.},
  journal={NIPS Workshop on Bayesian Optimization in Theory and Practice},
  year={2013}
}

@inproceedings{hutter2011,
  title={Sequential Model-Based Optimization for General Algorithm Configuration},
  author={Hutter, F. and Hoos, H. H. and Leyton-Brown, K.},
  booktitle={Proceedings of the 5th International Conference on Learning and Intelligent Optimization},
  volume={6683},
  pages={507-523},
  year={2011}
}

@inproceedings{bergstra2013,
  title={Making a Science of Model Search: Hyperparameter Optimization in Hundreds of Dimensions for Vision Architectures},
  author={Bergstra, J. and Yamins, D. and Cox, D. D.},
  booktitle={International Conference on Machine Learning},
  pages={115-123},
  year={2013}
}

@article{shahriari2015,
  title={Taking the Human Out of the Loop: A Review of Bayesian Optimization},
  author={Shahriari, B. and Swersky, K. and Wang, Z. and Adams, R. P. and De Freitas, N.},
  journal={Proceedings of the IEEE},
  volume={104},
  number={1},
  pages={148-175},
  year={2015}
}

@article{swersky2013,
  title={Multi-Task Bayesian Optimization},
  author={Swersky, K. and Snoek, J. and Adams, R. P.},
  journal={Advances in Neural Information Processing Systems},
  volume={26},
  pages={2004-2012},
  year={2013}
}

@inproceedings{domhan2015,
  title={Speeding up Automatic Hyperparameter Optimization of Deep Neural Networks by Extrapolation of Learning Curves},
  author={Domhan, T. and Springenberg, J. T. and Hutter, F.},
  booktitle={International Joint Conference on Artificial Intelligence},
  pages={3460-3468},
  year={2015}
}

@article{golovin2017,
  title={Google Vizier: A Service for Black-Box Optimization},
  author={Golovin, D. and Solnik, B. and Moitra, S. and Kochanski, G. and Karro, J. and Sculley, D.},
  journal={Proceedings of the 23rd ACM SIGKDD International Conference on Knowledge Discovery and Data Mining},
  pages={1487-1495},
  year={2017}
}

@inproceedings{klein2017,
  title={Fast Bayesian Optimization of Machine Learning Hyperparameters on Large Datasets},
  author={Klein, A. and Falkner, S. and Bartels, S. and Hennig, P. and Hutter, F.},
  booktitle={International Conference on Artificial Intelligence and Statistics},
  pages={528-536},
  year={2017}
}

@inproceedings{yogatama2014,
  title={Efficient Hyperparameter Optimization for Large-scale Language Modeling},
  author={Yogatama, D. and Mann, G.},
  booktitle={Workshop on Neural Information Processing Systems},
  year={2014}
}



@article{li2016,
  title={Hyperband: A Novel Bandit-Based Approach to Hyperparameter Optimization},
  author={Li, L. and Jamieson, K. and DeSalvo, G. and Rostamizadeh, A. and Talwalkar, A.},
  journal={Journal of Machine Learning Research},
  volume={18},
  number={1},
  pages={6765--6816},
  year={2016}
}

@inproceedings{feurer2015,
  title={Efficient and Robust Automated Machine Learning},
  author={Feurer, M. and Klein, A. and Eggensperger, K. and Springenberg, J. and Blum, M. and Hutter, F.},
  booktitle={Advances in Neural Information Processing Systems},
  volume={28},
  pages={2962--2970},
  year={2015}
}

@article{loshchilov2016,
  title={CMA-ES for Hyperparameter Optimization of Deep Neural Networks},
  author={Loshchilov, I. and Hutter, F.},
  journal={arXiv preprint arXiv:1604.07269},
  year={2016}
}



@article{davis2024,
  title={Exploring Hyperparameter Optimization with Genetic Algorithms},
  author={Davis, E. and Thompson, R.},
  journal={Journal of Heuristic Optimization},
  volume={10},
  number={2},
  pages={95-110},
  year={2024}
}

@inproceedings{singh2022,
  title={Scalable Hyperparameter Tuning with Transfer Learning},
  author={Singh, A. and Patel, N.},
  booktitle={Proceedings of the International Conference on Learning Representations},
  pages={2003-2011},
  year={2022}
}

@inproceedings{liu2023,
  title={Automated Hyperparameter Tuning for Reinforcement Learning},
  author={Liu, B. and Zhao, W.},
  booktitle={Proceedings of the International Joint Conference on Neural Networks},
  pages={1120-1127},
  year={2023}
}